%% This BibTeX bibliography file was created using BibDesk.
%% http://bibdesk.sourceforge.net/


%% Created for Tigran Bagramyan at 2013-10-05 16:55:02 +0400 


%% Saved with string encoding Unicode (UTF-8) 



@article{B,
	Author = {Bagramyan, T. E.},
	Journal = {Vladikavkaz. Mat. Zh.},
	Number = {1},
	Pages = {22-36},
	Title = {Optimal recovery of harmonic functions from inaccurate information on the values of the radial integration operator},
	Volume = {14},
	Year = {2012}}
	
	@article{B,
	Author = {Bagramyan, T. E.},
	Journal = {Journal of Approximation Theory},
	Pages = {160-169},
	Title = {On a problem of optimal recovery and Kolmogorov type inequalities on an interval},
	Volume = {189},
	Year = {2015}}
	
	@article{B1,
	Author = {Bagramyan, T. E.},
	Journal = {Mathematical Notes},
	Number = {2},
	Pages = {195-203},
	Title = {Optimal recovery of harmonic functions in the ball from inaccurate information on the Radon transform},
	Volume = {98},
	Year = {2015}}

@article{D,
	Author = {Degraw , A. J.},
	Journal = {American Journal of Computational Mathematics},
	Pages = {258-268},
	Title = {Optimal recovery of holomorphic functions from inaccurate information about radial integration},
	Volume = {2},
	Year = {2012}}

@article{MO3,
	Author = {Magaril-Il'yaev, G. G. and Osipenko, K. Yu.},
	Journal = {Dokl. Math.},
	Number = {3},
	Title = {{Hardy-Littlewood-Polya inequality and recovery of derivatives from inaccurate data}},
	Volume = {83},
	Year = {2011}}

@article{O,
	Author = {Osipenko, K. Yu.},
	Journal = {Math. Notes},
	Number = {12},
	Pages = {712-719},
	Title = {Optimal interpolation of analytic functions},
	Year = {1972}}

@article{MO,
	Address = {Vladikavkaz},
	Author = {Magaril-Il'yaev, G. G. and Osipenko, K. Yu.},
	Journal = {Mathematical Forum. V.2. Researches on Calculus.},
	Pages = {158-192},
	Title = {Optimal recovery of operators from inaccurate information},
	Year = {2008}}

@article{OS,
	Author = {Osipenko, K. Yu. and Stessin, M.},
	Journal = {Constr. Approx.},
	Language = {english},
	Number = 1,
	Pages = {37-67},
	Title = {Hadamard and Schwarz Type Theorems and Optimal Recovery in Spaces of Analytic Functions},
	Volume = 31,
	Year = 2010}

@article{Do,
	Author = {Donoho, D. L.},
	Journal = {Ann. Statist.},
	Language = {english},
	Number = 1,
	Pages = {238-270},
	Title = {Statistical Estimation and Optimal Recovery},
	Volume = 22,
	Year = 1994}

@article{LS,
	Author = {Logan, B. F. and Shepp, L. A.},
	Journal = {Duke mathematical journal},
	Language = {english},
	Number = 4,
	Pages = {645-659},
	Title = {Optimal Reconstruction of a Function from its Projections},
	Volume = 42,
	Year = 1975}

@article{MR1,
	Author = {Michelli, C. A. and Rivlin, T. J.},
	Journal = {Lecture Notes in Mathematics. Numerical Analysis},
	Language = {english},
	Pages = {21-93},
	Publisher = {Springer Berlin/Hidelberg},
	Title = {Lectures on Optimal Recovery},
	Volume = 1129,
	Year = 1984}

@article{MR,
	Author = {Michelli, C. A. and Rivlin, T. J.},
	Editor = {C. A. Michelli and T. J. Rivlin},
	Journal = {Optimal Estimation in Approximation Theory},
	Language = {english},
	Pages = {1-54},
	Title = {A Survey of Optimal Recovery},
	Year = 1977}
	
@article{K,
    author = {Keinert, F.},
    title = {Inversion of k-Plane Transforms and Applications in Computer Tomography},
    journal = {SIAM Review},
    year = {1988},
    volume = {31},
    pages = {273--298}
}

@book{Sa,
	Author = {Santal{\'o}, L.A.},
	Language = {english},
	Publisher = {Cambridge University Press},
	Title = {Integral Geometry and Geometric Probability},
	Year = 2004}

@book{H,
	Address = {New York Dordrecht Heidelberg London},
	Author = {Helgason, S.},
	Language = {english},
	Publisher = {Springer},
	Title = {Integral Geometry and Radon Transforms},
	Year = 2011}
	
@book{SM,
	Address = {Moscow Sate University, Moscow},
	Author = {Smolyak, S. A.},
	Language = {russian},
	Publisher = {},
	Title = {On optimal restoration of functions and functionals of them, Candidate dissertation},
	Year = 1965}
	
	@book{H,
	Address = {New York},
	Author = {Traub, J. F. and Wozniakowski, H.},
	Language = {english},
	Publisher = {Academic Press},
	Title = {A General Theory of Optimal Algorithms},
	Year = 1980}
